<?xml version="1.0" encoding="UTF-8"?><record xmlns="http://www.loc.gov/MARC21/slim" xmlns:cinclude="http://apache.org/cocoon/include/1.0" xmlns:zs="http://www.loc.gov/zing/srw/">
  <leader>00938cz  a2200181n  4500</leader>
  <controlfield tag="001">n  79011461 </controlfield>
  <controlfield tag="003">DLC</controlfield>
  <controlfield tag="005">20120804080407.0</controlfield>
  <controlfield tag="008">790214n| adannaab           |a aaa      </controlfield>
  <datafield tag="010" ind1=" " ind2=" ">
    <subfield code="a">n  79011461 </subfield>
  </datafield>
  <datafield tag="040" ind1=" " ind2=" ">
    <subfield code="a">DLC</subfield>
    <subfield code="b">eng</subfield>
    <subfield code="c">DLC</subfield>
    <subfield code="d">NjP</subfield>
    <subfield code="d">DLC</subfield>
  </datafield>
  <datafield tag="100" ind1="1" ind2=" ">
    <subfield code="a">Silvestre, S.</subfield>
  </datafield>
  <datafield tag="400" ind1="1" ind2=" ">
    <subfield code="a">Silvestre, Suzanne</subfield>
  </datafield>
  <datafield tag="667" ind1=" " ind2=" ">
    <subfield code="a">THIS 1XX FIELD CANNOT BE USED UNDER RDA UNTIL THIS RECORD HAS BEEN REVIEWED AND/OR UPDATED</subfield>
  </datafield>
  <datafield tag="670" ind1=" " ind2=" ">
    <subfield code="a">Silvestre, P. L'action de la Résistance ... 1978 (a.e.)</subfield>
    <subfield code="b">map recto (S. Silvestre, Correspondant départemental du Comité d'histoire de la Deuxième Guerre mondiale)</subfield>
  </datafield>
  <datafield tag="670" ind1=" " ind2=" ">
    <subfield code="a">Silvestre, P. Chronique des maquis de l'Isère, 1978:</subfield>
    <subfield code="b">t.p. (Suzanne Silvestre) jkt. (professeur honoraire; correspondant pour l'Isère du Comité d'histoire de la Deuxième Guerre mondiale)</subfield>
  </datafield>
  <datafield tag="670" ind1=" " ind2=" ">
    <subfield code="a">Chronique des maquis de l'Isère, 1943-1944, 1995:</subfield>
    <subfield code="b">t.p. (Suzanne Silvestre)</subfield>
  </datafield>
  <datafield tag="675" ind1=" " ind2=" ">
    <subfield code="a">WW Fr., 1977-78;</subfield>
    <subfield code="a">Bottin mondain, 1976.</subfield>
  </datafield>
</record>